<?xml version="1.0" encoding="UTF-8"?>
<record xmlns="http://www.loc.gov/MARC21/slim" xmlns:xsi="http://www.w3.org/2001/XMLSchema-instance" xsi:schemaLocation="http://www.loc.gov/MARC21/slim http://www.loc.gov/standards/marcxml/schema/MARC21slim.xsd">
<leader>00000cam a22      a 4500</leader>
<controlfield tag="001">002046845</controlfield>
<controlfield tag="003">NNU</controlfield>
<controlfield tag="005">20141110180320.0</controlfield>
<controlfield tag="008">950406s1952    ua       b    000 0baraod</controlfield>
<datafield tag="035" ind1=" " ind2=" ">
<subfield code="a">(OCoLC)32972363</subfield>
<subfield code="z">(OCoLC)8717375</subfield>
<subfield code="z">(OCoLC)23488935</subfield>
</datafield>
<datafield tag="040" ind1=" " ind2=" ">
<subfield code="a">RBN</subfield>
<subfield code="b">eng</subfield>
<subfield code="c">RBN</subfield>
<subfield code="d">OCL</subfield>
<subfield code="d">VYS</subfield>
<subfield code="d">OCLCG</subfield>
<subfield code="d">ZWZ</subfield>
<subfield code="d">IUL</subfield>
<subfield code="d">OCLCA</subfield>
<subfield code="d">OCLCQ</subfield>
<subfield code="d">OCLCA</subfield>
<subfield code="d">OCLCQ</subfield>
<subfield code="d">OCLCA</subfield>
<subfield code="d">OCLCF</subfield>
<subfield code="d">NNU</subfield>
</datafield>
<datafield tag="041" ind1="0" ind2=" ">
<subfield code="a">ara</subfield>
<subfield code="b">fre</subfield>
</datafield>
<datafield tag="050" ind1=" " ind2="4">
<subfield code="a">B751.Z7</subfield>
<subfield code="b">K37 1952</subfield>
</datafield>
<datafield tag="100" ind1="1" ind2=" ">
<subfield code="6">880-01</subfield>
<subfield code="a">Kāshī, Yaḥyá ibn Aḥmad.</subfield>
</datafield>
<datafield tag="245" ind1="1" ind2="0">
<subfield code="6">880-02</subfield>
<subfield code="a">Nukat fī aḥwāl al-Shaykh al-Raʼīs Ibn Sīnā /</subfield>
<subfield code="c">li-Yaḥyá ibn Aḥmad al-Kāshī ; taḥqīq Aḥmad Fuʼād al-Ahwānī.</subfield>
</datafield>
<datafield tag="246" ind1="1" ind2="5">
<subfield code="a">Aperçu sur la biographie d'Avicenne</subfield>
</datafield>
<datafield tag="260" ind1=" " ind2=" ">
<subfield code="6">880-03</subfield>
<subfield code="a">al-Qāhirah :</subfield>
<subfield code="b">Manshūrāt al-Maʻhad al-ʻIlmī al-Faransī lil-Āthār al-Sharqīyah,</subfield>
<subfield code="c">1952.</subfield>
</datafield>
<datafield tag="300" ind1=" " ind2=" ">
<subfield code="a">35 pages ;</subfield>
<subfield code="c">26 cm</subfield>
</datafield>
<datafield tag="336" ind1=" " ind2=" ">
<subfield code="a">text</subfield>
<subfield code="b">txt</subfield>
<subfield code="2">rdacontent</subfield>
</datafield>
<datafield tag="337" ind1=" " ind2=" ">
<subfield code="a">unmediated</subfield>
<subfield code="b">n</subfield>
<subfield code="2">rdamedia</subfield>
</datafield>
<datafield tag="338" ind1=" " ind2=" ">
<subfield code="a">volume</subfield>
<subfield code="b">nc</subfield>
<subfield code="2">rdacarrier</subfield>
</datafield>
<datafield tag="490" ind1="1" ind2=" ">
<subfield code="6">880-04</subfield>
<subfield code="a">Dhikrá ibn Sīnā ;</subfield>
<subfield code="v">3</subfield>
</datafield>
<datafield tag="490" ind1="1" ind2=" ">
<subfield code="a">Publications de l'Institut français d'archéologie orientale du Caire</subfield>
</datafield>
<datafield tag="546" ind1=" " ind2=" ">
<subfield code="a">Text in Arabic; introd. in French.</subfield>
</datafield>
<datafield tag="504" ind1=" " ind2=" ">
<subfield code="a">Includes bibliographical references.</subfield>
</datafield>
<datafield tag="600" ind1="0" ind2="0">
<subfield code="a">Avicenna,</subfield>
<subfield code="d">980-1037</subfield>
<subfield code="6">880-05</subfield>
</datafield>
<datafield tag="600" ind1="0" ind2="7">
<subfield code="a">Avicenne,</subfield>
<subfield code="d">(980-1037)</subfield>
<subfield code="x">Biographies.</subfield>
<subfield code="2">ram</subfield>
</datafield>
<datafield tag="600" ind1="0" ind2="7">
<subfield code="a">Avicenna,</subfield>
<subfield code="d">980-1037.</subfield>
<subfield code="2">fast</subfield>
<subfield code="0">(OCoLC)fst00048418</subfield>
</datafield>
<datafield tag="700" ind1="1" ind2=" ">
<subfield code="6">880-06</subfield>
<subfield code="a">Ahwānī, Aḥmad Fuʼād,</subfield>
<subfield code="d">-1970.</subfield>
</datafield>
<datafield tag="880" ind1="1" ind2=" ">
<subfield code="6">100-01/</subfield>
<subfield code="a">كاشي، يحيى بن أحمد.</subfield>
</datafield>
<datafield tag="880" ind1="1" ind2="0">
<subfield code="6">245-02/</subfield>
<subfield code="a">نكت في أحوال الشيخ الرئيس ابن سينا /</subfield>
<subfield code="c">ليحيى بن أحمد الكاشي ؛ تحقيق أحمد فؤاد الأهواني.</subfield>
</datafield>
<datafield tag="880" ind1=" " ind2=" ">
<subfield code="6">260-03/</subfield>
<subfield code="a">القاهرة :</subfield>
<subfield code="b">منشورات المعهد العلمي الفرنسي للآثار الشرقية،</subfield>
<subfield code="c">1952.</subfield>
</datafield>
<datafield tag="880" ind1="1" ind2=" ">
<subfield code="6">490-04/</subfield>
<subfield code="a">ذكرى بن سينا ؛</subfield>
<subfield code="v">3</subfield>
</datafield>
<datafield tag="880" ind1="0" ind2="4">
<subfield code="6">600-05/</subfield>
<subfield code="a">ابن سينا،</subfield>
<subfield code="d">980-1037.</subfield>
</datafield>
<datafield tag="880" ind1="1" ind2=" ">
<subfield code="6">700-06/</subfield>
<subfield code="a">اهواني، احمد فؤاد،</subfield>
<subfield code="d">-1970.</subfield>
</datafield>
<datafield tag="830" ind1=" " ind2="0">
<subfield code="6">880-07</subfield>
<subfield code="a">Dhikrá ibn Sīnā ;</subfield>
<subfield code="v">3.</subfield>
</datafield>
<datafield tag="880" ind1=" " ind2="0">
<subfield code="6">830-07/</subfield>
<subfield code="a">ذكرى بن سينا ؛</subfield>
<subfield code="v">3.</subfield>
</datafield>
<datafield tag="830" ind1=" " ind2="0">
<subfield code="a">Publications de l'Institut français d'archéologie orientale du Caire</subfield>
</datafield>
<datafield tag="OWN" ind1=" " ind2=" ">
<subfield code="a">GENERAL</subfield>
</datafield>
<datafield tag="AVA" ind1=" " ind2=" ">
<subfield code="a">NYU50</subfield>
<subfield code="b">BOBST</subfield>
<subfield code="c">Main Collection</subfield>
<subfield code="d">B751.Z7 K37 1952</subfield>
<subfield code="e">unavailable</subfield>
<subfield code="t">Unavailable</subfield>
<subfield code="f">1</subfield>
<subfield code="g">1</subfield>
<subfield code="h">N</subfield>
<subfield code="i">0</subfield>
<subfield code="j">MAIN</subfield>
<subfield code="k">0</subfield>
</datafield>
</record>
